@inproceedings{Vaswani2017AttentionNeed,
    title = {{Attention is all you need}},
    year = {2017},
    booktitle = {Advances in Neural Information Processing Systems},
    author = {Vaswani, Ashish and Shazeer, Noam and Parmar, Niki and Uszkoreit, Jakob and Jones, Llion and Gomez, Aidan N. and Kaiser, ≈Åukasz and Polosukhin, Illia},
    volume = {2017-December},
    issn = {10495258}
}

@inproceedings{Schopf2022EvaluatingApproaches,
    title = {{Evaluating Unsupervised Text Classification: Zero-shot and Similarity-based Approaches}},
    year = {2022},
    booktitle = {ACM International Conference Proceeding Series},
    author = {Schopf, Tim and Braun, Daniel and Matthes, Florian},
    doi = {10.1145/3582768.3582795}
}

@book{Manning2008IntroductionRetrieval,
    title = {{Introduction to Information Retrieval}},
    year = {2008},
    booktitle = {Introduction to Information Retrieval},
    author = {Manning, Christopher D. and Raghavan, Prabhakar and Sch{\"{u}}tze, Hinrich},
    doi = {10.1017/cbo9780511809071}
}

@article{Garba2010ProliferationsBlessing,
    title = {{Proliferations of scientific medical journals: A burden or a blessing}},
    year = {2010},
    journal = {Oman Medical Journal},
    author = {Garba, Stephen and Ahmed, Adamu and Mai, Ahmed and Makama, Geoffery and Odigie, Vincent},
    number = {4},
    volume = {25},
    doi = {10.5001/omj.2010.100},
    issn = {20705204}
}

@article{Hastie2009TheEdition,
    title = {{The Elements of Statistical Learning, Second Edition}},
    year = {2009},
    journal = {Springer New York, NY},
    author = {Hastie, Trevor and Tibshirani, Robert and Friedman, Jerome},
    number = {2},
    volume = {27},
    issn = {0172-7397}
}