@article{Imran2022TheModels,
    title = {{The impact of synthetic text generation for sentiment analysis using GAN based models}},
    year = {2022},
    journal = {Egyptian Informatics Journal},
    author = {Imran, Ali Shariq and Yang, Ru and Kastrati, Zenun and Daudpota, Sher Muhammad and Shaikh, Sarang},
    number = {3},
    volume = {23},
    doi = {10.1016/j.eij.2022.05.006},
    issn = {11108665}
}